%% This BibTeX bibliography file was created using BibDesk.
%% http://bibdesk.sourceforge.net/

%% Created for Michael Fuska at 2016-02-11 15:16:55 +0100 


%% Saved with string encoding Unicode (UTF-8) 



@manual{Pangu[1],
	Address = {http://pangu.io},
	Author = {Pangu Team},
	Date-Added = {2016-02-11 12:13:01 +0000},
	Date-Modified = {2016-02-11 12:15:59 +0000},
	Keywords = {Pangu},
	Organization = {Pangu Team},
	Title = {The Userland Exploits of Pangu 8},
	Year = {2015},
Bdsk-File-1 =
{YnBsaXN0MDDUAQIDBAUGJCVYJHZlcnNpb25YJG9iamVjdHNZJGFyY2hpdmVyVCR0b3ASAAGGoKgHCBMUFRYaIVUkbnVsbNMJCgsMDxJXTlMua2V5c1pOUy5vYmplY3RzViRjbGFzc6INDoACgAOiEBGABIAFgAdccmVsYXRpdmVQYXRoWWFsaWFzRGF0YV8QJi4uL1JlZmVyZW56ZW4vQ2FuU2VjV2VzdDIwMTVfRmluYWwucGRm0hcLGBlXTlMuZGF0YU8RAggAAAAAAggAAgAACkJveGNyeXB0b3IAAAAAAAAAAAAAAAAAAAAAAAAAAABCRAAB/////xhDYW5TZWNXZXN0MjAxNV9GaW5hbC5wZGYAAAAAAAAAAAAAAAAAAAAAAAAAAAAAAAAAAAAAAAAAAAAAAAAAAAD/////AAAAAAAAAAAAAAAAAAEAAgAACgBjdQAAAAAAAAAAAAAAAAAKUmVmZXJlbnplbgACAIEvOlZvbHVtZXM6Qm94Y3J5cHRvcjpHb29nbGUgRHJpdmU6TWFzdGVyIFN0dWRpdW06RkggQ2FtcHVzX2VuY3J5cHRlZDpJVC1TZWN1cml0eTpNYXN0ZXJhcmJlaXQ6UmVmZXJlbnplbjpDYW5TZWNXZXN0MjAxNV9GaW5hbC5wZGYAAA4AMgAYAEMAYQBuAFMAZQBjAFcAZQBzAHQAMgAwADEANQBfAEYAaQBuAGEAbAAuAHAAZABmAA8AFgAKAEIAbwB4AGMAcgB5AHAAdABvAHIAEgBtL0dvb2dsZSBEcml2ZS9NYXN0ZXIgU3R1ZGl1bS9GSCBDYW1wdXNfZW5jcnlwdGVkL0lULVNlY3VyaXR5L01hc3RlcmFyYmVpdC9SZWZlcmVuemVuL0NhblNlY1dlc3QyMDE1X0ZpbmFsLnBkZgAAEwATL1ZvbHVtZXMvQm94Y3J5cHRvcgD//wAAgAbSGxwdHlokY2xhc3NuYW1lWCRjbGFzc2VzXU5TTXV0YWJsZURhdGGjHR8gVk5TRGF0YVhOU09iamVjdNIbHCIjXE5TRGljdGlvbmFyeaIiIF8QD05TS2V5ZWRBcmNoaXZlctEmJ1Ryb290gAEACAARABoAIwAtADIANwBAAEYATQBVAGAAZwBqAGwAbgBxAHMAdQB3AIQAjgC3ALwAxALQAtIC1wLiAusC+QL9AwQDDQMSAx8DIgM0AzcDPAAAAAAAAAIBAAAAAAAAACgAAAAAAAAAAAAAAAAAAAM+}}

@url{TaiG[2],
	Author = {Jonathan Levin},
	Date-Added = {2016-02-11 11:51:58 +0000},
	Date-Modified = {2016-02-11 11:56:46 +0000},
	Keywords = {TaiG},
	Lastchecked = {2016-02-10},
	Title = {http://newosxbook.com/articles/TaiG2.html}}

@url{TaiG[1],
	Author = {Jonathan Levin},
	Date-Added = {2016-02-11 11:39:46 +0000},
	Date-Modified = {2016-02-11 12:11:47 +0000},
	Keywords = {TaiG},
	Lastchecked = {2016-02-11},
	Month = {08},
	Title = {http://newosxbook.com/articles/TaiG.html},
	Url = {http://newosxbook.com/articles/TaiG.html},
	Year = {2015}}

@webpage{ROP[2],
	Date-Added = {2015-11-19 16:53:22 +0000},
	Date-Modified = {2016-02-11 12:30:01 +0000},
	Keywords = {Code Signing},
Url =
{https://media.blackhat.com/bh-us-11/Le/BH_US_11_Le_ARM_Exploitation_ROPmap
_Slides.pdf},
	Year = {2011},
Bdsk-Url-1 =
{https://media.blackhat.com/bh-us-11/Le/BH_US_11_Le_ARM_Exploitation_ROPmap%20
_Slides.pdf}}

@url{CodeSigning[1],
	Author = {Jonathan Levin},
	Date-Added = {2015-11-19 16:51:26 +0000},
	Date-Modified = {2016-02-11 12:05:09 +0000},
	Keywords = {Code Signing},
	Month = {04},
	Title = {Code Signing -- Hashed Out},
	Url = {http://newosxbook.com/articles/CodeSigning.pdf},
	Year = {2015},
	Bdsk-Url-1 = {http://newosxbook.com/articles/CodeSigning.pdf}}

@url{TaiG[3],
	Author = {Jonathan Levin},
	Date-Added = {2015-11-19 16:49:10 +0000},
	Date-Modified = {2016-02-11 11:56:18 +0000},
	Keywords = {TaiG},
	Lastchecked = {2016-02-10},
	Month = {07},
	Title = {http://newosxbook.com/articles/28DaysLater.html},
	Url = {http://newosxbook.com/articles/28DaysLater.html},
	Year = {2015},
	Bdsk-Url-1 = {http://newosxbook.com/articles/28DaysLater.html}}

@manual{iPhoneSec[3],
	Author = {Hong Chao, Chun-Yu Ho, Travis Ng, Tin Cheuk Leung},
	Date-Added = {2015-11-10 18:20:09 +0000},
	Date-Modified = {2016-02-11 12:17:33 +0000},
	Keywords = {Root},
	Month = {06},
Publisher = {Shanghai Jiao Tong University,The Chinese University of Hong Kong},
	Title = {To Root or Not to Root? The Economics of JailbreakiPhone},
	Year = {2013},
Bdsk-File-1 =
{YnBsaXN0MDDUAQIDBAUGJCVYJHZlcnNpb25YJG9iamVjdHNZJGFyY2hpdmVyVCR0b3ASAAGGoKgHCBMUFRYaIVUkbnVsbNMJCgsMDxJXTlMua2V5c1pOUy5vYmplY3RzViRjbGFzc6INDoACgAOiEBGABIAFgAdccmVsYXRpdmVQYXRoWWFsaWFzRGF0YV8QJy4uL1JlZmVyZW56ZW4vVG9Sb290b3JOb3R0b1Jvb3QyMDEzLnBkZtIXCxgZV05TLmRhdGFPEQIKAAAAAAIKAAIAAApCb3hjcnlwdG9yAAAAAAAAAAAAAAAAAAAAAAAAAAAAQkQAAf////8ZVG9Sb290b3JOb3R0b1Jvb3QyMDEzLnBkZgAAAAAAAAAAAAAAAAAAAAAAAAAAAAAAAAAAAAAAAAAAAAAAAAAA/////wAAAAAAAAAAAAAAAAABAAIAAAoAY3UAAAAAAAAAAAAAAAAAClJlZmVyZW56ZW4AAgCCLzpWb2x1bWVzOkJveGNyeXB0b3I6R29vZ2xlIERyaXZlOk1hc3RlciBTdHVkaXVtOkZIIENhbXB1c19lbmNyeXB0ZWQ6SVQtU2VjdXJpdHk6TWFzdGVyYXJiZWl0OlJlZmVyZW56ZW46VG9Sb290b3JOb3R0b1Jvb3QyMDEzLnBkZgAOADQAGQBUAG8AUgBvAG8AdABvAHIATgBvAHQAdABvAFIAbwBvAHQAMgAwADEAMwAuAHAAZABmAA8AFgAKAEIAbwB4AGMAcgB5AHAAdABvAHIAEgBuL0dvb2dsZSBEcml2ZS9NYXN0ZXIgU3R1ZGl1bS9GSCBDYW1wdXNfZW5jcnlwdGVkL0lULVNlY3VyaXR5L01hc3RlcmFyYmVpdC9SZWZlcmVuemVuL1RvUm9vdG9yTm90dG9Sb290MjAxMy5wZGYAEwATL1ZvbHVtZXMvQm94Y3J5cHRvcgD//wAAgAbSGxwdHlokY2xhc3NuYW1lWCRjbGFzc2VzXU5TTXV0YWJsZURhdGGjHR8gVk5TRGF0YVhOU09iamVjdNIbHCIjXE5TRGljdGlvbmFyeaIiIF8QD05TS2V5ZWRBcmNoaXZlctEmJ1Ryb290gAEACAARABoAIwAtADIANwBAAEYATQBVAGAAZwBqAGwAbgBxAHMAdQB3AIQAjgC4AL0AxQLTAtUC2gLlAu4C/AMAAwcDEAMVAyIDJQM3AzoDPwAAAAAAAAIBAAAAAAAAACgAAAAAAAAAAAAAAAAAAANB}}

@book{Sign[1],
	Author = {Jonathan Levin},
	Date-Added = {2015-11-10 18:17:26 +0000},
	Date-Modified = {2016-02-11 12:30:09 +0000},
	Keywords = {Code Signing},
	Month = {04},
	Publisher = {Technologeeks, LLC},
	Title = {To Sign and Protect -- COPS in OS X and iOS},
	Year = {2015},
Bdsk-File-1 =
{YnBsaXN0MDDUAQIDBAUGJCVYJHZlcnNpb25YJG9iamVjdHNZJGFyY2hpdmVyVCR0b3ASAAGGoKgHCBMUFRYaIVUkbnVsbNMJCgsMDxJXTlMua2V5c1pOUy5vYmplY3RzViRjbGFzc6INDoACgAOiEBGABIAFgAdccmVsYXRpdmVQYXRoWWFsaWFzRGF0YV8QKi4uL1JlZmVyZW56ZW4vVG8gU2lnbiBhbmQgUHJvdGVjdCAyMDE1LnBkZtIXCxgZV05TLmRhdGFPEQIYAAAAAAIYAAIAAApCb3hjcnlwdG9yAAAAAAAAAAAAAAAAAAAAAAAAAAAAQkQAAf////8cVG8gU2lnbiBhbmQgUHJvdGVjdCAyMDE1LnBkZgAAAAAAAAAAAAAAAAAAAAAAAAAAAAAAAAAAAAAAAAAAAAAA/////wAAAAAAAAAAAAAAAAABAAIAAAoAY3UAAAAAAAAAAAAAAAAAClJlZmVyZW56ZW4AAgCFLzpWb2x1bWVzOkJveGNyeXB0b3I6R29vZ2xlIERyaXZlOk1hc3RlciBTdHVkaXVtOkZIIENhbXB1c19lbmNyeXB0ZWQ6SVQtU2VjdXJpdHk6TWFzdGVyYXJiZWl0OlJlZmVyZW56ZW46VG8gU2lnbiBhbmQgUHJvdGVjdCAyMDE1LnBkZgAADgA6ABwAVABvACAAUwBpAGcAbgAgAGEAbgBkACAAUAByAG8AdABlAGMAdAAgADIAMAAxADUALgBwAGQAZgAPABYACgBCAG8AeABjAHIAeQBwAHQAbwByABIAcS9Hb29nbGUgRHJpdmUvTWFzdGVyIFN0dWRpdW0vRkggQ2FtcHVzX2VuY3J5cHRlZC9JVC1TZWN1cml0eS9NYXN0ZXJhcmJlaXQvUmVmZXJlbnplbi9UbyBTaWduIGFuZCBQcm90ZWN0IDIwMTUucGRmAAATABMvVm9sdW1lcy9Cb3hjcnlwdG9yAP//AACABtIbHB0eWiRjbGFzc25hbWVYJGNsYXNzZXNdTlNNdXRhYmxlRGF0YaMdHyBWTlNEYXRhWE5TT2JqZWN00hscIiNcTlNEaWN0aW9uYXJ5oiIgXxAPTlNLZXllZEFyY2hpdmVy0SYnVHJvb3SAAQAIABEAGgAjAC0AMgA3AEAARgBNAFUAYABnAGoAbABuAHEAcwB1AHcAhACOALsAwADIAuQC5gLrAvYC/wMNAxEDGAMhAyYDMwM2A0gDSwNQAAAAAAAAAgEAAAAAAAAAKAAAAAAAAAAAAAAAAAAAA1I=}}

@book{Apple[6],
	Address = {Apple Inc. 1 Infinite Loop Cupertino, CA 95014 408-996-1010},
	Author = {Apple Inc.},
	Date-Added = {2015-11-10 18:15:09 +0000},
	Date-Modified = {2016-02-11 12:07:44 +0000},
	Keywords = {iOS Sec},
	Month = {12},
	Publisher = {Apple Inc.},
	Title = {Security Overview},
	Year = {2012},
Bdsk-File-1 =
{YnBsaXN0MDDUAQIDBAUGJCVYJHZlcnNpb25YJG9iamVjdHNZJGFyY2hpdmVyVCR0b3ASAAGGoKgHCBMUFRYaIVUkbnVsbNMJCgsMDxJXTlMua2V5c1pOUy5vYmplY3RzViRjbGFzc6INDoACgAOiEBGABIAFgAdccmVsYXRpdmVQYXRoWWFsaWFzRGF0YV8QIy4uL1JlZmVyZW56ZW4vU2VjdXJpdHlfT3ZlcnZpZXcucGRm0hcLGBlXTlMuZGF0YU8RAfoAAAAAAfoAAgAACkJveGNyeXB0b3IAAAAAAAAAAAAAAAAAAAAAAAAAAABCRAAB/////xVTZWN1cml0eV9PdmVydmlldy5wZGYAAAAAAAAAAAAAAAAAAAAAAAAAAAAAAAAAAAAAAAAAAAAAAAAAAAAAAAD/////AAAAAAAAAAAAAAAAAAEAAgAACgBjdQAAAAAAAAAAAAAAAAAKUmVmZXJlbnplbgACAH4vOlZvbHVtZXM6Qm94Y3J5cHRvcjpHb29nbGUgRHJpdmU6TWFzdGVyIFN0dWRpdW06RkggQ2FtcHVzX2VuY3J5cHRlZDpJVC1TZWN1cml0eTpNYXN0ZXJhcmJlaXQ6UmVmZXJlbnplbjpTZWN1cml0eV9PdmVydmlldy5wZGYADgAsABUAUwBlAGMAdQByAGkAdAB5AF8ATwB2AGUAcgB2AGkAZQB3AC4AcABkAGYADwAWAAoAQgBvAHgAYwByAHkAcAB0AG8AcgASAGovR29vZ2xlIERyaXZlL01hc3RlciBTdHVkaXVtL0ZIIENhbXB1c19lbmNyeXB0ZWQvSVQtU2VjdXJpdHkvTWFzdGVyYXJiZWl0L1JlZmVyZW56ZW4vU2VjdXJpdHlfT3ZlcnZpZXcucGRmABMAEy9Wb2x1bWVzL0JveGNyeXB0b3IA//8AAIAG0hscHR5aJGNsYXNzbmFtZVgkY2xhc3Nlc11OU011dGFibGVEYXRhox0fIFZOU0RhdGFYTlNPYmplY3TSGxwiI1xOU0RpY3Rpb25hcnmiIiBfEA9OU0tleWVkQXJjaGl2ZXLRJidUcm9vdIABAAgAEQAaACMALQAyADcAQABGAE0AVQBgAGcAagBsAG4AcQBzAHUAdwCEAI4AtAC5AMECvwLBAsYC0QLaAugC7ALzAvwDAQMOAxEDIwMmAysAAAAAAAACAQAAAAAAAAAoAAAAAAAAAAAAAAAAAAADLQ==}}

@book{Cert[1],
	Address = {New York, NY, USA},
Author = {Zheng, Min and Xue, Hui and Zhang, Yulong and Wei, Tao and Lui, John
C.S.},
	Date-Added = {2015-11-10 18:13:13 +0000},
	Date-Modified = {2016-02-11 12:11:32 +0000},
	Keywords = {iOS Sec},
	Publisher = {ACM},
Title = {Enpublic Apps: Security Threats Using iOS Enterprise and Developer
Certificates},
	Year = {2015},
Bdsk-File-1 =
{YnBsaXN0MDDUAQIDBAUGJCVYJHZlcnNpb25YJG9iamVjdHNZJGFyY2hpdmVyVCR0b3ASAAGGoKgHCBMUFRYaIVUkbnVsbNMJCgsMDxJXTlMua2V5c1pOUy5vYmplY3RzViRjbGFzc6INDoACgAOiEBGABIAFgAdccmVsYXRpdmVQYXRoWWFsaWFzRGF0YV8QVi4uL1JlZmVyZW56ZW4vU2VjdXJpdHkgVGhyZWF0cyBVc2luZyBpT1MgRW50ZXJwcmlzZSBhbmQgRGV2ZWxvcGVyIENlcnRpZmljYXRlczIwMTUucGRm0hcLGBlXTlMuZGF0YU8RAsgAAAAAAsgAAgAACkJveGNyeXB0b3IAAAAAAAAAAAAAAAAAAAAAAAAAAABCRAAB/////x9TZWN1cml0eSBUaHJlYXRzIFUjRkZGRkZGRkYucGRmAAAAAAAAAAAAAAAAAAAAAAAAAAAAAAAAAAAAAAAAAAD/////AAAAAAAAAAAAAAAAAAEAAgAACgBjdQAAAAAAAAAAAAAAAAAKUmVmZXJlbnplbgACALEvOlZvbHVtZXM6Qm94Y3J5cHRvcjpHb29nbGUgRHJpdmU6TWFzdGVyIFN0dWRpdW06RkggQ2FtcHVzX2VuY3J5cHRlZDpJVC1TZWN1cml0eTpNYXN0ZXJhcmJlaXQ6UmVmZXJlbnplbjpTZWN1cml0eSBUaHJlYXRzIFVzaW5nIGlPUyBFbnRlcnByaXNlIGFuZCBEZXZlbG9wZXIgQ2VydGlmaWNhdGVzMjAxNS5wZGYAAA4AkgBIAFMAZQBjAHUAcgBpAHQAeQAgAFQAaAByAGUAYQB0AHMAIABVAHMAaQBuAGcAIABpAE8AUwAgAEUAbgB0AGUAcgBwAHIAaQBzAGUAIABhAG4AZAAgAEQAZQB2AGUAbABvAHAAZQByACAAQwBlAHIAdABpAGYAaQBjAGEAdABlAHMAMgAwADEANQAuAHAAZABmAA8AFgAKAEIAbwB4AGMAcgB5AHAAdABvAHIAEgCdL0dvb2dsZSBEcml2ZS9NYXN0ZXIgU3R1ZGl1bS9GSCBDYW1wdXNfZW5jcnlwdGVkL0lULVNlY3VyaXR5L01hc3RlcmFyYmVpdC9SZWZlcmVuemVuL1NlY3VyaXR5IFRocmVhdHMgVXNpbmcgaU9TIEVudGVycHJpc2UgYW5kIERldmVsb3BlciBDZXJ0aWZpY2F0ZXMyMDE1LnBkZgAAEwATL1ZvbHVtZXMvQm94Y3J5cHRvcgD//wAAgAbSGxwdHlokY2xhc3NuYW1lWCRjbGFzc2VzXU5TTXV0YWJsZURhdGGjHR8gVk5TRGF0YVhOU09iamVjdNIbHCIjXE5TRGljdGlvbmFyeaIiIF8QD05TS2V5ZWRBcmNoaXZlctEmJ1Ryb290gAEACAARABoAIwAtADIANwBAAEYATQBVAGAAZwBqAGwAbgBxAHMAdQB3AIQAjgDnAOwA9APAA8IDxwPSA9sD6QPtA/QD/QQCBA8EEgQkBCcELAAAAAAAAAIBAAAAAAAAACgAAAAAAAAAAAAAAAAAAAQu}}

@article{ROP[1],
	Author = {Lucas Davi, Ahmad-Reza Sadeghi, Marcel Winandy},
	Date-Added = {2015-11-10 18:07:41 +0000},
	Date-Modified = {2016-02-11 12:17:55 +0000},
	Journal = {Technische Universit{\"a}t Darmstadt},
	Keywords = {ROP},
Title = {ROPdefender: A Detection Tool to Defend Against Return-Oriented
Programming Attacks},
	Year = {2011},
Bdsk-File-1 =
{YnBsaXN0MDDUAQIDBAUGJCVYJHZlcnNpb25YJG9iamVjdHNZJGFyY2hpdmVyVCR0b3ASAAGGoKgHCBMUFRYaIVUkbnVsbNMJCgsMDxJXTlMua2V5c1pOUy5vYmplY3RzViRjbGFzc6INDoACgAOiEBGABIAFgAdccmVsYXRpdmVQYXRoWWFsaWFzRGF0YV8QHS4uL1JlZmVyZW56ZW4vUk9QZGVmZW5kZXIucGRm0hcLGBlXTlMuZGF0YU8RAeIAAAAAAeIAAgAACkJveGNyeXB0b3IAAAAAAAAAAAAAAAAAAAAAAAAAAABCRAAB/////w9ST1BkZWZlbmRlci5wZGYAAAAAAAAAAAAAAAAAAAAAAAAAAAAAAAAAAAAAAAAAAAAAAAAAAAAAAAAAAAAAAAD/////AAAAAAAAAAAAAAAAAAEAAgAACgBjdQAAAAAAAAAAAAAAAAAKUmVmZXJlbnplbgACAHgvOlZvbHVtZXM6Qm94Y3J5cHRvcjpHb29nbGUgRHJpdmU6TWFzdGVyIFN0dWRpdW06RkggQ2FtcHVzX2VuY3J5cHRlZDpJVC1TZWN1cml0eTpNYXN0ZXJhcmJlaXQ6UmVmZXJlbnplbjpST1BkZWZlbmRlci5wZGYADgAgAA8AUgBPAFAAZABlAGYAZQBuAGQAZQByAC4AcABkAGYADwAWAAoAQgBvAHgAYwByAHkAcAB0AG8AcgASAGQvR29vZ2xlIERyaXZlL01hc3RlciBTdHVkaXVtL0ZIIENhbXB1c19lbmNyeXB0ZWQvSVQtU2VjdXJpdHkvTWFzdGVyYXJiZWl0L1JlZmVyZW56ZW4vUk9QZGVmZW5kZXIucGRmABMAEy9Wb2x1bWVzL0JveGNyeXB0b3IA//8AAIAG0hscHR5aJGNsYXNzbmFtZVgkY2xhc3Nlc11OU011dGFibGVEYXRhox0fIFZOU0RhdGFYTlNPYmplY3TSGxwiI1xOU0RpY3Rpb25hcnmiIiBfEA9OU0tleWVkQXJjaGl2ZXLRJidUcm9vdIABAAgAEQAaACMALQAyADcAQABGAE0AVQBgAGcAagBsAG4AcQBzAHUAdwCEAI4ArgCzALsCoQKjAqgCswK8AsoCzgLVAt4C4wLwAvMDBQMIAw0AAAAAAAACAQAAAAAAAAAoAAAAAAAAAAAAAAAAAAADDw==}}

@article{iPhoneSec[2],
	Author = {Vaibhav Ranchhoddas Pandya},
	Date-Added = {2015-11-10 18:04:30 +0000},
	Date-Modified = {2016-02-11 12:16:31 +0000},
	Journal = {San Jose State University},
	Keywords = {iOS Sec},
	Month = {05},
	Title = {IPHONE SECURITY ANALYSIS},
	Year = {2008},
Bdsk-File-1 =
{YnBsaXN0MDDUAQIDBAUGJCVYJHZlcnNpb25YJG9iamVjdHNZJGFyY2hpdmVyVCR0b3ASAAGGoKgHCBMUFRYaIVUkbnVsbNMJCgsMDxJXTlMua2V5c1pOUy5vYmplY3RzViRjbGFzc6INDoACgAOiEBGABIAFgAdccmVsYXRpdmVQYXRoWWFsaWFzRGF0YV8QLS4uL1JlZmVyZW56ZW4vaXBob25lU2VjdXJpdHkgQW5hbHlzaXMyMDA4LnBkZtIXCxgZV05TLmRhdGFPEQIiAAAAAAIiAAIAAApCb3hjcnlwdG9yAAAAAAAAAAAAAAAAAAAAAAAAAAAAQkQAAf////8faXBob25lU2VjdXJpdHkgQW5hbHlzaXMyMDA4LnBkZgAAAAAAAAAAAAAAAAAAAAAAAAAAAAAAAAAAAAAAAAAA/////wAAAAAAAAAAAAAAAAABAAIAAAoAY3UAAAAAAAAAAAAAAAAAClJlZmVyZW56ZW4AAgCILzpWb2x1bWVzOkJveGNyeXB0b3I6R29vZ2xlIERyaXZlOk1hc3RlciBTdHVkaXVtOkZIIENhbXB1c19lbmNyeXB0ZWQ6SVQtU2VjdXJpdHk6TWFzdGVyYXJiZWl0OlJlZmVyZW56ZW46aXBob25lU2VjdXJpdHkgQW5hbHlzaXMyMDA4LnBkZgAOAEAAHwBpAHAAaABvAG4AZQBTAGUAYwB1AHIAaQB0AHkAIABBAG4AYQBsAHkAcwBpAHMAMgAwADAAOAAuAHAAZABmAA8AFgAKAEIAbwB4AGMAcgB5AHAAdABvAHIAEgB0L0dvb2dsZSBEcml2ZS9NYXN0ZXIgU3R1ZGl1bS9GSCBDYW1wdXNfZW5jcnlwdGVkL0lULVNlY3VyaXR5L01hc3RlcmFyYmVpdC9SZWZlcmVuemVuL2lwaG9uZVNlY3VyaXR5IEFuYWx5c2lzMjAwOC5wZGYAEwATL1ZvbHVtZXMvQm94Y3J5cHRvcgD//wAAgAbSGxwdHlokY2xhc3NuYW1lWCRjbGFzc2VzXU5TTXV0YWJsZURhdGGjHR8gVk5TRGF0YVhOU09iamVjdNIbHCIjXE5TRGljdGlvbmFyeaIiIF8QD05TS2V5ZWRBcmNoaXZlctEmJ1Ryb290gAEACAARABoAIwAtADIANwBAAEYATQBVAGAAZwBqAGwAbgBxAHMAdQB3AIQAjgC+AMMAywLxAvMC+AMDAwwDGgMeAyUDLgMzA0ADQwNVA1gDXQAAAAAAAAIBAAAAAAAAACgAAAAAAAAAAAAAAAAAAANf}}

@article{iPhoneSec[1],
	Author = {V. Pandya and M. Stamp},
	Date-Added = {2015-11-10 17:57:32 +0000},
	Date-Modified = {2016-02-11 12:16:19 +0000},
	Keywords = {iOS Sec},
	Month = {10},
	Number = {2},
	Publisher = {Journal of Information Security},
	Title = {iPhone Security Analysis},
	Volume = {1},
	Year = {2010},
Bdsk-File-1 =
{YnBsaXN0MDDUAQIDBAUGJCVYJHZlcnNpb25YJG9iamVjdHNZJGFyY2hpdmVyVCR0b3ASAAGGoKgHCBMUFRYaIVUkbnVsbNMJCgsMDxJXTlMua2V5c1pOUy5vYmplY3RzViRjbGFzc6INDoACgAOiEBGABIAFgAdccmVsYXRpdmVQYXRoWWFsaWFzRGF0YV8QJy4uL1JlZmVyZW56ZW4vaVBob25lU2VjQW5hbHlzaXMyMDEwLnBkZtIXCxgZV05TLmRhdGFPEQIKAAAAAAIKAAIAAApCb3hjcnlwdG9yAAAAAAAAAAAAAAAAAAAAAAAAAAAAQkQAAf////8ZaVBob25lU2VjQW5hbHlzaXMyMDEwLnBkZgAAAAAAAAAAAAAAAAAAAAAAAAAAAAAAAAAAAAAAAAAAAAAAAAAA/////wAAAAAAAAAAAAAAAAABAAIAAAoAY3UAAAAAAAAAAAAAAAAAClJlZmVyZW56ZW4AAgCCLzpWb2x1bWVzOkJveGNyeXB0b3I6R29vZ2xlIERyaXZlOk1hc3RlciBTdHVkaXVtOkZIIENhbXB1c19lbmNyeXB0ZWQ6SVQtU2VjdXJpdHk6TWFzdGVyYXJiZWl0OlJlZmVyZW56ZW46aVBob25lU2VjQW5hbHlzaXMyMDEwLnBkZgAOADQAGQBpAFAAaABvAG4AZQBTAGUAYwBBAG4AYQBsAHkAcwBpAHMAMgAwADEAMAAuAHAAZABmAA8AFgAKAEIAbwB4AGMAcgB5AHAAdABvAHIAEgBuL0dvb2dsZSBEcml2ZS9NYXN0ZXIgU3R1ZGl1bS9GSCBDYW1wdXNfZW5jcnlwdGVkL0lULVNlY3VyaXR5L01hc3RlcmFyYmVpdC9SZWZlcmVuemVuL2lQaG9uZVNlY0FuYWx5c2lzMjAxMC5wZGYAEwATL1ZvbHVtZXMvQm94Y3J5cHRvcgD//wAAgAbSGxwdHlokY2xhc3NuYW1lWCRjbGFzc2VzXU5TTXV0YWJsZURhdGGjHR8gVk5TRGF0YVhOU09iamVjdNIbHCIjXE5TRGljdGlvbmFyeaIiIF8QD05TS2V5ZWRBcmNoaXZlctEmJ1Ryb290gAEACAARABoAIwAtADIANwBAAEYATQBVAGAAZwBqAGwAbgBxAHMAdQB3AIQAjgC4AL0AxQLTAtUC2gLlAu4C/AMAAwcDEAMVAyIDJQM3AzoDPwAAAAAAAAIBAAAAAAAAACgAAAAAAAAAAAAAAAAAAANB}}

@book{Apple[5],
	Address = {Apple Inc.1 Infinite Loop Cupertino, CA 95014 408-996-1010},
	Author = {Apple Inc.},
	Date-Added = {2015-11-10 17:53:48 +0000},
	Date-Modified = {2016-02-11 12:08:46 +0000},
	Keywords = {iOS Sec},
	Month = {09},
	Publisher = {Apple Inc.},
	Title = {iOS Technology Overview},
	Year = {2014},
Bdsk-File-1 =
{YnBsaXN0MDDUAQIDBAUGJCVYJHZlcnNpb25YJG9iamVjdHNZJGFyY2hpdmVyVCR0b3ASAAGGoKgHCBMUFRYaIVUkbnVsbNMJCgsMDxJXTlMua2V5c1pOUy5vYmplY3RzViRjbGFzc6INDoACgAOiEBGABIAFgAdccmVsYXRpdmVQYXRoWWFsaWFzRGF0YV8QIS4uL1JlZmVyZW56ZW4vaU9TVGVjaE92ZXJ2aWV3LnBkZtIXCxgZV05TLmRhdGFPEQHyAAAAAAHyAAIAAApCb3hjcnlwdG9yAAAAAAAAAAAAAAAAAAAAAAAAAAAAQkQAAf////8TaU9TVGVjaE92ZXJ2aWV3LnBkZgAAAAAAAAAAAAAAAAAAAAAAAAAAAAAAAAAAAAAAAAAAAAAAAAAAAAAAAAAA/////wAAAAAAAAAAAAAAAAABAAIAAAoAY3UAAAAAAAAAAAAAAAAAClJlZmVyZW56ZW4AAgB8LzpWb2x1bWVzOkJveGNyeXB0b3I6R29vZ2xlIERyaXZlOk1hc3RlciBTdHVkaXVtOkZIIENhbXB1c19lbmNyeXB0ZWQ6SVQtU2VjdXJpdHk6TWFzdGVyYXJiZWl0OlJlZmVyZW56ZW46aU9TVGVjaE92ZXJ2aWV3LnBkZgAOACgAEwBpAE8AUwBUAGUAYwBoAE8AdgBlAHIAdgBpAGUAdwAuAHAAZABmAA8AFgAKAEIAbwB4AGMAcgB5AHAAdABvAHIAEgBoL0dvb2dsZSBEcml2ZS9NYXN0ZXIgU3R1ZGl1bS9GSCBDYW1wdXNfZW5jcnlwdGVkL0lULVNlY3VyaXR5L01hc3RlcmFyYmVpdC9SZWZlcmVuemVuL2lPU1RlY2hPdmVydmlldy5wZGYAEwATL1ZvbHVtZXMvQm94Y3J5cHRvcgD//wAAgAbSGxwdHlokY2xhc3NuYW1lWCRjbGFzc2VzXU5TTXV0YWJsZURhdGGjHR8gVk5TRGF0YVhOU09iamVjdNIbHCIjXE5TRGljdGlvbmFyeaIiIF8QD05TS2V5ZWRBcmNoaXZlctEmJ1Ryb290gAEACAARABoAIwAtADIANwBAAEYATQBVAGAAZwBqAGwAbgBxAHMAdQB3AIQAjgCyALcAvwK1ArcCvALHAtAC3gLiAukC8gL3AwQDBwMZAxwDIQAAAAAAAAIBAAAAAAAAACgAAAAAAAAAAAAAAAAAAAMj}}

@book{Apple[4],
	Address = {Apple Inc.1 Infinite Loop Cupertino, CA 95014 408-996-1010},
	Author = {Apple Inc.},
	Date-Added = {2015-11-10 17:50:42 +0000},
	Date-Modified = {2016-02-11 12:07:30 +0000},
	Keywords = {iOS Sec},
	Month = {09},
	Publisher = {Apple Inc.},
	Title = {iOS Security iOS 9.0 or later},
	Year = {2015},
Bdsk-File-1 =
{YnBsaXN0MDDUAQIDBAUGJCVYJHZlcnNpb25YJG9iamVjdHNZJGFyY2hpdmVyVCR0b3ASAAGGoKgHCBMUFRYaIVUkbnVsbNMJCgsMDxJXTlMua2V5c1pOUy5vYmplY3RzViRjbGFzc6INDoACgAOiEBGABIAFgAdccmVsYXRpdmVQYXRoWWFsaWFzRGF0YV8QKC4uL1JlZmVyZW56ZW4vaU9TX1NlY3VyaXR5X0d1aWRlLTkuMC5wZGbSFwsYGVdOUy5kYXRhTxECEAAAAAACEAACAAAKQm94Y3J5cHRvcgAAAAAAAAAAAAAAAAAAAAAAAAAAAEJEAAH/////GmlPU19TZWN1cml0eV9HdWlkZS05LjAucGRmAAAAAAAAAAAAAAAAAAAAAAAAAAAAAAAAAAAAAAAAAAAAAAAAAP////8AAAAAAAAAAAAAAAAAAQACAAAKAGN1AAAAAAAAAAAAAAAAAApSZWZlcmVuemVuAAIAgy86Vm9sdW1lczpCb3hjcnlwdG9yOkdvb2dsZSBEcml2ZTpNYXN0ZXIgU3R1ZGl1bTpGSCBDYW1wdXNfZW5jcnlwdGVkOklULVNlY3VyaXR5Ok1hc3RlcmFyYmVpdDpSZWZlcmVuemVuOmlPU19TZWN1cml0eV9HdWlkZS05LjAucGRmAAAOADYAGgBpAE8AUwBfAFMAZQBjAHUAcgBpAHQAeQBfAEcAdQBpAGQAZQAtADkALgAwAC4AcABkAGYADwAWAAoAQgBvAHgAYwByAHkAcAB0AG8AcgASAG8vR29vZ2xlIERyaXZlL01hc3RlciBTdHVkaXVtL0ZIIENhbXB1c19lbmNyeXB0ZWQvSVQtU2VjdXJpdHkvTWFzdGVyYXJiZWl0L1JlZmVyZW56ZW4vaU9TX1NlY3VyaXR5X0d1aWRlLTkuMC5wZGYAABMAEy9Wb2x1bWVzL0JveGNyeXB0b3IA//8AAIAG0hscHR5aJGNsYXNzbmFtZVgkY2xhc3Nlc11OU011dGFibGVEYXRhox0fIFZOU0RhdGFYTlNPYmplY3TSGxwiI1xOU0RpY3Rpb25hcnmiIiBfEA9OU0tleWVkQXJjaGl2ZXLRJidUcm9vdIABAAgAEQAaACMALQAyADcAQABGAE0AVQBgAGcAagBsAG4AcQBzAHUAdwCEAI4AuQC+AMYC2gLcAuEC7AL1AwMDBwMOAxcDHAMpAywDPgNBA0YAAAAAAAACAQAAAAAAAAAoAAAAAAAAAAAAAAAAAAADSA==}}

@manual{Apple[3],
	Address = {Apple Inc. 1 Infinite Loop Cupertino, CA 95014 408-996-1010},
	Author = {Apple Inc.},
	Date-Added = {2015-11-10 17:49:50 +0000},
	Date-Modified = {2016-02-11 12:10:19 +0000},
	Keywords = {iOS Sec},
	Month = {10},
	Publisher = {Apple Inc.},
	Title = {iOS-Sicherheit iOS 8.1 oder neuer},
	Year = {2014},
Bdsk-File-1 =
{YnBsaXN0MDDUAQIDBAUGJCVYJHZlcnNpb25YJG9iamVjdHNZJGFyY2hpdmVyVCR0b3ASAAGGoKgHCBMUFRYaIVUkbnVsbNMJCgsMDxJXTlMua2V5c1pOUy5vYmplY3RzViRjbGFzc6INDoACgAOiEBGABIAFgAdccmVsYXRpdmVQYXRoWWFsaWFzRGF0YV8QLS4uL1JlZmVyZW56ZW4vaU9TX1NlY3VyaXR5X0d1aWRlX2RlX09jdDE0LnBkZtIXCxgZV05TLmRhdGFPEQIiAAAAAAIiAAIAAApCb3hjcnlwdG9yAAAAAAAAAAAAAAAAAAAAAAAAAAAAQkQAAf////8faU9TX1NlY3VyaXR5X0d1aWRlX2RlX09jdDE0LnBkZgAAAAAAAAAAAAAAAAAAAAAAAAAAAAAAAAAAAAAAAAAA/////wAAAAAAAAAAAAAAAAABAAIAAAoAY3UAAAAAAAAAAAAAAAAAClJlZmVyZW56ZW4AAgCILzpWb2x1bWVzOkJveGNyeXB0b3I6R29vZ2xlIERyaXZlOk1hc3RlciBTdHVkaXVtOkZIIENhbXB1c19lbmNyeXB0ZWQ6SVQtU2VjdXJpdHk6TWFzdGVyYXJiZWl0OlJlZmVyZW56ZW46aU9TX1NlY3VyaXR5X0d1aWRlX2RlX09jdDE0LnBkZgAOAEAAHwBpAE8AUwBfAFMAZQBjAHUAcgBpAHQAeQBfAEcAdQBpAGQAZQBfAGQAZQBfAE8AYwB0ADEANAAuAHAAZABmAA8AFgAKAEIAbwB4AGMAcgB5AHAAdABvAHIAEgB0L0dvb2dsZSBEcml2ZS9NYXN0ZXIgU3R1ZGl1bS9GSCBDYW1wdXNfZW5jcnlwdGVkL0lULVNlY3VyaXR5L01hc3RlcmFyYmVpdC9SZWZlcmVuemVuL2lPU19TZWN1cml0eV9HdWlkZV9kZV9PY3QxNC5wZGYAEwATL1ZvbHVtZXMvQm94Y3J5cHRvcgD//wAAgAbSGxwdHlokY2xhc3NuYW1lWCRjbGFzc2VzXU5TTXV0YWJsZURhdGGjHR8gVk5TRGF0YVhOU09iamVjdNIbHCIjXE5TRGljdGlvbmFyeaIiIF8QD05TS2V5ZWRBcmNoaXZlctEmJ1Ryb290gAEACAARABoAIwAtADIANwBAAEYATQBVAGAAZwBqAGwAbgBxAHMAdQB3AIQAjgC+AMMAywLxAvMC+AMDAwwDGgMeAyUDLgMzA0ADQwNVA1gDXQAAAAAAAAIBAAAAAAAAACgAAAAAAAAAAAAAAAAAAANf}}

@manual{Apple[1],
	Address = {Apple Inc.1 Infinite Loop Cupertino, CA 95014 408-996-1010},
	Author = {Apple Inc.},
	Date-Added = {2015-11-10 17:46:19 +0000},
	Date-Modified = {2016-02-11 12:11:02 +0000},
	Keywords = {iOS Auth},
	Month = {01},
	Publisher = {Apple Inc.},
	Title = {Authentication, Authorization, and Permissions Guide},
	Year = {2013},
Bdsk-File-1 =
{YnBsaXN0MDDUAQIDBAUGJCVYJHZlcnNpb25YJG9iamVjdHNZJGFyY2hpdmVyVCR0b3ASAAGGoKgHCBMUFRYaIVUkbnVsbNMJCgsMDxJXTlMua2V5c1pOUy5vYmplY3RzViRjbGFzc6INDoACgAOiEBGABIAFgAdccmVsYXRpdmVQYXRoWWFsaWFzRGF0YV8QNS4uL1JlZmVyZW56ZW4vQXV0aGVudGljYXRpb25BbmRBdXRob3JpemF0aW9uR3VpZGUucGRm0hcLGBlXTlMuZGF0YU8RAkIAAAAAAkIAAgAACkJveGNyeXB0b3IAAAAAAAAAAAAAAAAAAAAAAAAAAABCRAAB/////x9BdXRoZW50aWNhdGlvbkFuZEEjRkZGRkZGRkYucGRmAAAAAAAAAAAAAAAAAAAAAAAAAAAAAAAAAAAAAAAAAAD/////AAAAAAAAAAAAAAAAAAEAAgAACgBjdQAAAAAAAAAAAAAAAAAKUmVmZXJlbnplbgACAJAvOlZvbHVtZXM6Qm94Y3J5cHRvcjpHb29nbGUgRHJpdmU6TWFzdGVyIFN0dWRpdW06RkggQ2FtcHVzX2VuY3J5cHRlZDpJVC1TZWN1cml0eTpNYXN0ZXJhcmJlaXQ6UmVmZXJlbnplbjpBdXRoZW50aWNhdGlvbkFuZEF1dGhvcml6YXRpb25HdWlkZS5wZGYADgBQACcAQQB1AHQAaABlAG4AdABpAGMAYQB0AGkAbwBuAEEAbgBkAEEAdQB0AGgAbwByAGkAegBhAHQAaQBvAG4ARwB1AGkAZABlAC4AcABkAGYADwAWAAoAQgBvAHgAYwByAHkAcAB0AG8AcgASAHwvR29vZ2xlIERyaXZlL01hc3RlciBTdHVkaXVtL0ZIIENhbXB1c19lbmNyeXB0ZWQvSVQtU2VjdXJpdHkvTWFzdGVyYXJiZWl0L1JlZmVyZW56ZW4vQXV0aGVudGljYXRpb25BbmRBdXRob3JpemF0aW9uR3VpZGUucGRmABMAEy9Wb2x1bWVzL0JveGNyeXB0b3IA//8AAIAG0hscHR5aJGNsYXNzbmFtZVgkY2xhc3Nlc11OU011dGFibGVEYXRhox0fIFZOU0RhdGFYTlNPYmplY3TSGxwiI1xOU0RpY3Rpb25hcnmiIiBfEA9OU0tleWVkQXJjaGl2ZXLRJidUcm9vdIABAAgAEQAaACMALQAyADcAQABGAE0AVQBgAGcAagBsAG4AcQBzAHUAdwCEAI4AxgDLANMDGQMbAyADKwM0A0IDRgNNA1YDWwNoA2sDfQOAA4UAAAAAAAACAQAAAAAAAAAoAAAAAAAAAAAAAAAAAAADhw==}}

@manual{Apple[2],
Address = {Apple Inc. Attention: Privacy and Law Enforcement Compliance 1
Infinite Loop, Cupertino, CA 95014},
	Author = {Apple Inc.},
	Date-Added = {2015-11-10 17:38:30 +0000},
	Date-Modified = {2016-02-11 12:10:09 +0000},
	Keywords = {Apple Legal},
	Month = {09},
	Organization = {Apple Inc.},
	Publisher = {Apple Inc.},
	Rss-Description = {
},
	Title = {Legal Process Guidelines},
	Year = {2015},
Bdsk-File-1 =
{YnBsaXN0MDDUAQIDBAUGJCVYJHZlcnNpb25YJG9iamVjdHNZJGFyY2hpdmVyVCR0b3ASAAGGoKgHCBMUFRYaIVUkbnVsbNMJCgsMDxJXTlMua2V5c1pOUy5vYmplY3RzViRjbGFzc6INDoACgAOiEBGABIAFgAdccmVsYXRpdmVQYXRoWWFsaWFzRGF0YV8QLS4uL1JlZmVyZW56ZW4vbGVnYWwtcHJvY2Vzcy1ndWlkZWxpbmVzLXVzLnBkZtIXCxgZV05TLmRhdGFPEQIiAAAAAAIiAAIAAApCb3hjcnlwdG9yAAAAAAAAAAAAAAAAAAAAAAAAAAAAQkQAAf////8fbGVnYWwtcHJvY2Vzcy1ndWlkZWxpbmVzLXVzLnBkZgAAAAAAAAAAAAAAAAAAAAAAAAAAAAAAAAAAAAAAAAAA/////wAAAAAAAAAAAAAAAAABAAIAAAoAY3UAAAAAAAAAAAAAAAAAClJlZmVyZW56ZW4AAgCILzpWb2x1bWVzOkJveGNyeXB0b3I6R29vZ2xlIERyaXZlOk1hc3RlciBTdHVkaXVtOkZIIENhbXB1c19lbmNyeXB0ZWQ6SVQtU2VjdXJpdHk6TWFzdGVyYXJiZWl0OlJlZmVyZW56ZW46bGVnYWwtcHJvY2Vzcy1ndWlkZWxpbmVzLXVzLnBkZgAOAEAAHwBsAGUAZwBhAGwALQBwAHIAbwBjAGUAcwBzAC0AZwB1AGkAZABlAGwAaQBuAGUAcwAtAHUAcwAuAHAAZABmAA8AFgAKAEIAbwB4AGMAcgB5AHAAdABvAHIAEgB0L0dvb2dsZSBEcml2ZS9NYXN0ZXIgU3R1ZGl1bS9GSCBDYW1wdXNfZW5jcnlwdGVkL0lULVNlY3VyaXR5L01hc3RlcmFyYmVpdC9SZWZlcmVuemVuL2xlZ2FsLXByb2Nlc3MtZ3VpZGVsaW5lcy11cy5wZGYAEwATL1ZvbHVtZXMvQm94Y3J5cHRvcgD//wAAgAbSGxwdHlokY2xhc3NuYW1lWCRjbGFzc2VzXU5TTXV0YWJsZURhdGGjHR8gVk5TRGF0YVhOU09iamVjdNIbHCIjXE5TRGljdGlvbmFyeaIiIF8QD05TS2V5ZWRBcmNoaXZlctEmJ1Ryb290gAEACAARABoAIwAtADIANwBAAEYATQBVAGAAZwBqAGwAbgBxAHMAdQB3AIQAjgC+AMMAywLxAvMC+AMDAwwDGgMeAyUDLgMzA0ADQwNVA1gDXQAAAAAAAAIBAAAAAAAAACgAAAAAAAAAAAAAAAAAAANf}}
